@online{castelvecchi2016,
url = {https://www.nature.com/news/feuding-physicists-turn-to-philosophy-for-help-1.19076},
title = {{Feuding physicists turn to philosophy for help}},
titleaddon = {String theory is at the heart of a debate over the integrity of the scientific method itself},
author = {Davide Castelvecchi},
date = {2016-01-05},
urldate = {2020-11-12}
}

@online{francis2019,
url = {https://www.scientificamerican.com/article/is-string-theory-science/},
title = {{Falsifiability and physics}},
titleaddon = {Can a theory that isn’t completely testable still be useful to physics?},
author = {Matthew R Francis},
date = {2019-04-23},
urldate = {2020-11-12}
}

@online{alves2017,
url = {https://metafact.io/factchecks/30-is-string-theory-falsifiable},
title = {{Is String theory falsifiable?}},
titleaddon = {Can a theory that isn’t completely testable still be useful to physics?},
author = {Rafael Alves Batista and Joel Primack},
date = {circa 2017},
urldate = {2020-11-12}
}

@online{siegel2015,
url = {https://www.forbes.com/sites/startswithabang/2015/12/23/why-string-theory-is-not-science/},
title = {{Why String Theory Is Not A Scientific Theory}},
author = {Ethan Siegel},
date = {2015-12-23},
urldate = {2020-11-12}
}

@online{mann2019,
url = {https://www.livescience.com/65033-what-is-string-theory.html},
title = {{What Is String Theory?}},
author = {Adam Mann},
date = {2019-03-20},
urldate = {2020-11-12}
}

@online{wood2019,
url = {https://www.space.com/17594-string-theory.html},
title = {{What Is String Theory?}},
titleaddon = {Reference Article: A simplified explanation and brief history of string theory},
author = {Charlie Wood},
date = {2019-07-11},
urldate = {2020-11-12}
}

@online{jones2020,
url = {https://www.thoughtco.com/what-is-string-theory-2699363},
title = {{The Basics of String Theory}},
author = {Andrew Zimmerman Jones},
date = {2019-03-02},
urldate = {2020-11-12}
}
